@online{P1,
author = {Facebook},
title = {RocksDB},
year = {2018},
url = {https://github.com/facebook/rocksdb},
}
