@misc{POSIX,
author = "The Open Group",
title = "{POSIX 1-2017}",
year = "2019",
howpublished = {\url{http://pubs.opengroup.org/onlinepubs/9699919799/}},
note={The Open Group Base Specifications Issue 7, 2018 edition},
}

@misc{samsung_kv_ssd,
   author = "Samsung Electronics Co., Ltd.",
   title = "{KV SSD host software package}",
   year = "2019",
   howpublished = {\url{https://github.com/OpenMPDK/KVSSD}},
   note={KV SSD host software package includes the host software that operates with KV SSD.},   
 }
 
 @misc{rocksdb,
   author = "Facebook",
   title = "{A Persistent Key-Value Store for Flash and RAM Storage}",
   year = "2019",
   howpublished = {\url{https://github.com/facebook/rocksdb/}},
   note={RocksDB library provides a persistent key value store.},   
 }
 
  @misc{leveldb,
   author = "Google",
   title = "{LevelDB is a fast key-value storage library written at Google that provides an ordered mapping from string keys to string values}",
   year = "2019",
   howpublished = {\url{https://github.com/google/leveldb}},
   note={The leveldb library provides a persistent key value store. Keys and values are arbitrary byte arrays. The keys are ordered within the key value store according to a user-specified comparator function.},   
 }
 
@misc{spdk,
   author = "Intel Corporation",
   title = "{Storage Performance Development Kit}",
   year = "2019",
   howpublished = {\url{https://spdk.io/}},
   note={SPDK provides a set of tools and libraries for writing high performance, scalable, user-mode storage applications.},   
 }

@misc{std_fs,
   author = "Programming Language C++ Library Evolution Working Group SG14 Low Latency study group",
   title = "{P1031R1 Lowlevel io library}",
   year = "2019",
   howpublished = {\url{www.open-std.org/jtc1/sc22/wg21/docs/papers/2018/p1031r1.pdfa}},
   note={Aproposal for a lowlevel io library very thinly wrapping kernel syscalls in to a portable standard library API, preserving all of the time and space complexities of the host platform.},   
 }


@misc{wiki:NVM,
   author = "Wikipedia",
   title = "{Non-volatile memory} --- {W}ikipedia{,} The Free Encyclopedia",
   year = "2019",
   howpublished = {\url{http://en.wikipedia.org/w/index.php?title=Non-volatile\%20memory&oldid=887034647}},
   note = "[Online; accessed 04-April-2019]"
 }

@misc{pmdk,
   author = "Intel Corporation",
   title = "{Persistent Memory Development Kit}",
   year = "2019",
   howpublished = {\url{https://github.com/pmem/pmdk}},
   note={PMDK is a collection of libraries and tools for System Administrators and Application Developers to simplify managing and accessing persistent memory devices. },   
 }

@misc{pmemkv,
   author = "Intel Corporation",
   title = "{Key/Value Datastore for Persistent Memory}",
   year = "2019",
   howpublished = {\url{https://github.com/pmem/pmemkv}},
   note={pmemkv is a local/embedded key-value datastore optimized for persistent memory.},   
 }
 
 @misc{pmemfile,
   author = "Intel Corporation",
   title = "{Userspace implementation of file APIs using persistent memory}",
   year = "2019",
   howpublished = {\url{https://github.com/pmem/pmemfile}},
   note={Pmemfile project's goal is to provide low-overhead userspace implementation of file APIs using persistent memory.},   
 }

@misc{wiki:Hard_link,
   author = "Wikipedia",
   title = "{Hard link} --- {W}ikipedia{,} The Free Encyclopedia",
   year = {"2019"},
   howpublished = {\url{http://en.wikipedia.org/w/index.php?title=Hard\%20link&oldid=862682029}},
   note = {"[Online; accessed 02-April-2019]"},
 }

@article{LSM_Trees,
  author    = {Patrick E. O'Neil and
               Edward Cheng and
               Dieter Gawlick and
               Elizabeth J. O'Neil},
  title     = {The Log-Structured Merge-Tree (LSM-Tree)},
  journal   = {Acta Inf.},
  volume    = {33},
  number    = {4},
  pages     = {351--385},
  year      = {1996},
  url       = {https://doi.org/10.1007/s002360050048},
  doi       = {10.1007/s002360050048},
  timestamp = {Wed, 14 Nov 2018 10:14:19 +0100},
  biburl    = {https://dblp.org/rec/bib/journals/acta/ONeilCGO96},
  bibsource = {dblp computer science bibliography, https://dblp.org},
}

@article{PMP,
  author    = {Andy Rudoff},
  title     = {Persistent Memory Programming},
  journal   = {;login:},
  volume    = {42},
  number    = {2},
  year      = {2017},
  howpublished = {\url{https://www.usenix.org/publications/login/summer2017/rudoff}},
  timestamp = {Tue, 18 Dec 2018 11:02:11 +0100},
  biburl    = {https://dblp.org/rec/bib/journals/usenix-login/Rudoff17},
  bibsource = {dblp computer science bibliography, https://dblp.org}
}

@inproceedings{spdk_ieee,
  author    = {Ziye Yang and
               James R. Harris and
               Benjamin Walker and
               Daniel Verkamp and
               Changpeng Liu and
               Cunyin Chang and
               Gang Cao and
               Jonathan Stern and
               Vishal Verma and
               Luse E. Paul},
  title     = {{SPDK:} {A} Development Kit to Build High Performance Storage Applications},
  booktitle = {{IEEE} International Conference on Cloud Computing Technology and
               Science, CloudCom 2017, Hong Kong, December 11-14, 2017},
  pages     = {154--161},
  year      = {2017},
  crossref  = {DBLP:conf/cloudcom/2017},
  url       = {https://doi.org/10.1109/CloudCom.2017.14},
  doi       = {10.1109/CloudCom.2017.14},
  timestamp = {Thu, 11 Jan 2018 13:21:37 +0100},
  biburl    = {https://dblp.org/rec/bib/conf/cloudcom/YangHWVLCCSVP17},
  bibsource = {dblp computer science bibliography, https://dblp.org}
}